<record><leader>00000cas a2200000 a 4500</leader><controlfield tag="001">26498499</controlfield><controlfield tag="008">920828d19051941nyudr ne      0    0eng c</controlfield><datafield ind1=" " ind2=" " tag="010"><subfield code="a">sn 92062016 </subfield></datafield><datafield ind1=" " ind2=" " tag="040"><subfield code="a">NYS</subfield><subfield code="b">eng</subfield><subfield code="c">NYS</subfield><subfield code="d">OCLCQ</subfield><subfield code="d">OCLCF</subfield><subfield code="d">OCLCO</subfield></datafield><datafield ind1=" " ind2=" " tag="042"><subfield code="a">pcc</subfield></datafield><datafield ind1=" " ind2=" " tag="043"><subfield code="a">n-us-ny</subfield></datafield><datafield ind1="0" ind2=" " tag="130"><subfield code="a">Daily reporter (White Plains, N.Y.)</subfield></datafield><datafield ind1="1" ind2="4" tag="245"><subfield code="a">The daily reporter.</subfield></datafield><datafield ind1="1" ind2="3" tag="246"><subfield code="a">White Plains daily reporter</subfield></datafield><datafield ind1="1" ind2="3" tag="246"><subfield code="a">White Plains reporter</subfield></datafield><datafield ind1=" " ind2=" " tag="260"><subfield code="a">White Plains, N.Y. :</subfield><subfield code="b">Sutherland Bros.</subfield></datafield><datafield ind1=" " ind2=" " tag="300"><subfield code="a">v. ;</subfield><subfield code="c">56-59 cm.</subfield></datafield><datafield ind1=" " ind2=" " tag="310"><subfield code="a">Daily</subfield></datafield><datafield ind1="1" ind2=" " tag="362"><subfield code="a">Began in Nov., 1905. Cf. Daily Reporter, Apr. 19, 1926.</subfield></datafield><datafield ind1="0" ind2=" " tag="362"><subfield code="a">-v. 24, no. 108 (Feb. 28, 1941).</subfield></datafield><datafield ind1=" " ind2=" " tag="500"><subfield code="a">Publisher: White Plains Pub. Co., &lt;1926-&gt;</subfield></datafield><datafield ind1=" " ind2=" " tag="500"><subfield code="a">"Published in the interests of White Plains."</subfield></datafield><datafield ind1=" " ind2=" " tag="500"><subfield code="a">Sept. 26, 1933--250th Anniversary ed. of the purchase of White Plains and the founding of Westchester County.</subfield></datafield><datafield ind1=" " ind2=" " tag="515"><subfield code="a">Suspended from 1915-Oct. 22, 1917 (Numbering begins again in 1917), Cf. "White Plains Reporter", Nov. 28, 1919.</subfield></datafield><datafield ind1=" " ind2=" " tag="580"><subfield code="a">Weekly ed.: Westchester County Reporter (Oct. 26,1887-1917).</subfield></datafield><datafield ind1=" " ind2=" " tag="580"><subfield code="a">Absorbed: White Plains Daily Argus (Nov. 28, 1919) and White Plains Daily Record (Dec. 31, 1919).</subfield></datafield><datafield ind1=" " ind2=" " tag="580"><subfield code="a">Merged with: Evening Dispatch, to form: Reporter-Dispatch.</subfield></datafield><datafield ind1=" " ind2=" " tag="588"><subfield code="a">Description based on: Vol. 4, no. 16 (Nov. 19, 1907).</subfield></datafield><datafield ind1=" " ind2="0" tag="651"><subfield code="a">White Plains (N.Y.)</subfield><subfield code="v">Newspapers.</subfield></datafield><datafield ind1=" " ind2="0" tag="651"><subfield code="a">Westchester County (N.Y.)</subfield><subfield code="v">Newspapers.</subfield></datafield><datafield ind1=" " ind2="7" tag="655"><subfield code="a">Newspapers.</subfield><subfield code="2">fast</subfield><subfield code="0">(OCoLC)fst01423814</subfield></datafield><datafield ind1=" " ind2="7" tag="651"><subfield code="a">New York (State)</subfield><subfield code="z">Westchester County.</subfield><subfield code="2">fast</subfield><subfield code="0">(OCoLC)fst01202684</subfield></datafield><datafield ind1=" " ind2="7" tag="651"><subfield code="a">New York (State)</subfield><subfield code="z">White Plains.</subfield><subfield code="2">fast</subfield><subfield code="0">(OCoLC)fst01212009</subfield></datafield><datafield ind1=" " ind2=" " tag="752"><subfield code="a">United States</subfield><subfield code="b">New York</subfield><subfield code="c">Westchester</subfield><subfield code="d">White Plains.</subfield></datafield><datafield ind1="1" ind2=" " tag="775"><subfield code="t">Westchester County reporter</subfield><subfield code="w">(DLC)sn 83031914</subfield><subfield code="w">(OCoLC)10047242</subfield></datafield><datafield ind1="1" ind2="5" tag="780"><subfield code="t">White Plains daily argus</subfield><subfield code="w">(DLC)sn2001062096</subfield><subfield code="w">(OCoLC)47828931</subfield></datafield><datafield ind1="1" ind2="5" tag="780"><subfield code="t">White Plains daily record</subfield><subfield code="w">(DLC)sn2001062097</subfield><subfield code="w">(OCoLC)47828888</subfield></datafield><datafield ind1="1" ind2="7" tag="785"><subfield code="t">Evening dispatch</subfield><subfield code="w">(DLC)sn2003060368</subfield><subfield code="w">(OCoLC)52290471</subfield></datafield><datafield ind1="1" ind2="7" tag="785"><subfield code="t">Reporter-Dispatch</subfield><subfield code="w">(DLC)sn 91066514</subfield><subfield code="w">(OCoLC)9579610</subfield></datafield></record>